[gd_scene load_steps=14 format=2]

[ext_resource path="res://Resources/Sprites/placeholder.png" type="Texture" id=1]
[ext_resource path="res://Resources/Sprites/bg_info_text-min.png" type="Texture" id=2]
[ext_resource path="res://Shaders/bg_motion.shader" type="Shader" id=4]
[ext_resource path="res://Resources/Fonts/Roboto-Black.ttf" type="DynamicFontData" id=5]
[ext_resource path="res://Resources/Sprites/bg_info_msg-min.png" type="Texture" id=6]
[ext_resource path="res://Scripts/Info.gd" type="Script" id=7]

[sub_resource type="ShaderMaterial" id=1]
shader = ExtResource( 4 )
shader_param/tiled_factor = Vector2( 2, 1.5 )
shader_param/offset_scale = Vector2( 5, 5 )

[sub_resource type="StyleBoxEmpty" id=2]

[sub_resource type="Theme" id=3]
VScrollBar/icons/decrement = null
VScrollBar/icons/decrement_highlight = null
VScrollBar/icons/increment = null
VScrollBar/icons/increment_highlight = null
VScrollBar/styles/grabber = SubResource( 2 )
VScrollBar/styles/grabber_highlight = SubResource( 2 )
VScrollBar/styles/grabber_pressed = SubResource( 2 )
VScrollBar/styles/scroll = SubResource( 2 )
VScrollBar/styles/scroll_focus = SubResource( 2 )

[sub_resource type="StyleBoxTexture" id=4]
region_rect = Rect2( 0, 0, 569, 645 )

[sub_resource type="StyleBoxTexture" id=6]
content_margin_left = 30.0
content_margin_right = 30.0
content_margin_top = 30.0
content_margin_bottom = 30.0
texture = ExtResource( 2 )
region_rect = Rect2( 0, 0, 100, 100 )
margin_left = 50.0
margin_right = 50.0
margin_top = 50.0
margin_bottom = 50.0

[sub_resource type="DynamicFont" id=5]
size = 28
use_mipmaps = true
use_filter = true
font_data = ExtResource( 5 )

[sub_resource type="StyleBoxTexture" id=7]
content_margin_left = 180.0
content_margin_right = 30.0
content_margin_top = 50.0
content_margin_bottom = 50.0
texture = ExtResource( 6 )
region_rect = Rect2( 0, 0, 150, 150 )
margin_left = 50.0
margin_right = 50.0
margin_top = 50.0
margin_bottom = 50.0

[node name="Info" type="Control"]
anchor_right = 1.0
anchor_bottom = 1.0
script = ExtResource( 7 )
__meta__ = {
"_edit_use_anchors_": false
}

[node name="BG" type="TextureRect" parent="."]
material = SubResource( 1 )
anchor_right = 1.0
anchor_bottom = 1.0
texture = ExtResource( 1 )
expand = true
stretch_mode = 7
__meta__ = {
"_edit_use_anchors_": false
}

[node name="Scroll" type="ScrollContainer" parent="."]
anchor_right = 1.0
anchor_bottom = 1.0
theme = SubResource( 3 )
custom_styles/bg = SubResource( 4 )
scroll_horizontal_enabled = false
__meta__ = {
"_edit_use_anchors_": false
}

[node name="Margin" type="MarginContainer" parent="Scroll"]
margin_right = 720.0
margin_bottom = 811.0
mouse_filter = 2
size_flags_horizontal = 3
custom_constants/margin_right = 20
custom_constants/margin_top = 300
custom_constants/margin_left = 20
custom_constants/margin_bottom = 40
__meta__ = {
"_edit_use_anchors_": false
}

[node name="List" type="VBoxContainer" parent="Scroll/Margin"]
margin_left = 20.0
margin_top = 300.0
margin_right = 700.0
margin_bottom = 771.0
size_flags_horizontal = 3
size_flags_vertical = 3
custom_constants/separation = 20

[node name="Text" type="Label" parent="Scroll/Margin/List"]
margin_right = 680.0
margin_bottom = 93.0
size_flags_horizontal = 3
custom_styles/normal = SubResource( 6 )
custom_fonts/font = SubResource( 5 )
custom_colors/font_color = Color( 1, 1, 1, 1 )
text = "Hello. Great game, great slots, very interesting"
autowrap = true
__meta__ = {
"_edit_use_anchors_": true
}

[node name="Msg1" type="Label" parent="Scroll/Margin/List"]
margin_top = 113.0
margin_right = 680.0
margin_bottom = 282.0
size_flags_horizontal = 3
custom_styles/normal = SubResource( 7 )
custom_fonts/font = SubResource( 5 )
custom_colors/font_color = Color( 1, 1, 1, 1 )
text = "Hello. Great game, great slots, very interesting"
autowrap = true
__meta__ = {
"_edit_use_anchors_": true,
"_editor_description_": "	"
}

[node name="Eblo" type="TextureRect" parent="Scroll/Margin/List/Msg1"]
anchor_top = 0.5
anchor_bottom = 0.5
margin_left = 24.0
margin_top = -65.0
margin_right = 154.0
margin_bottom = 65.0
texture = ExtResource( 1 )
stretch_mode = 4
__meta__ = {
"_edit_use_anchors_": false
}

[node name="Msg2" type="Label" parent="Scroll/Margin/List"]
margin_top = 302.0
margin_right = 680.0
margin_bottom = 471.0
size_flags_horizontal = 3
custom_styles/normal = SubResource( 7 )
custom_fonts/font = SubResource( 5 )
custom_colors/font_color = Color( 1, 1, 1, 1 )
text = "Hello. Great game, great slots, very interesting"
autowrap = true
__meta__ = {
"_edit_use_anchors_": true,
"_editor_description_": "	"
}

[node name="Eblo" type="TextureRect" parent="Scroll/Margin/List/Msg2"]
anchor_top = 0.5
anchor_bottom = 0.5
margin_left = 24.0
margin_top = -65.0
margin_right = 154.0
margin_bottom = 65.0
texture = ExtResource( 1 )
stretch_mode = 4
__meta__ = {
"_edit_use_anchors_": false
}
