[gd_scene load_steps=10 format=2]

[ext_resource path="res://Resources/Sprites/bg_menu-min.png" type="Texture" id=1]
[ext_resource path="res://Resources/Sprites/btn_lvl_5-min.png" type="Texture" id=2]
[ext_resource path="res://Resources/Sprites/btn_lvl_2-min.png" type="Texture" id=3]
[ext_resource path="res://Shaders/bg_motion.shader" type="Shader" id=4]
[ext_resource path="res://Scripts/Levels.gd" type="Script" id=5]
[ext_resource path="res://Resources/Sprites/btn_lvl_4-min.png" type="Texture" id=6]
[ext_resource path="res://Resources/Sprites/btn_lvl_1-min.png" type="Texture" id=7]
[ext_resource path="res://Resources/Sprites/btn_lvl_3-min.png" type="Texture" id=8]

[sub_resource type="ShaderMaterial" id=1]
shader = ExtResource( 4 )
shader_param/tiled_factor = Vector2( 2, 1.5 )
shader_param/offset_scale = Vector2( 5, 5 )

[node name="Levels" type="Control"]
anchor_right = 1.0
anchor_bottom = 1.0
mouse_filter = 2
script = ExtResource( 5 )
__meta__ = {
"_edit_use_anchors_": false
}

[node name="BG" type="TextureRect" parent="."]
material = SubResource( 1 )
anchor_right = 1.0
anchor_bottom = 1.0
texture = ExtResource( 1 )
expand = true
stretch_mode = 7
__meta__ = {
"_edit_use_anchors_": false
}

[node name="MarginScroll" type="MarginContainer" parent="."]
anchor_left = 0.5
anchor_right = 0.5
margin_left = -300.0
margin_right = 300.0
margin_bottom = 1220.0
mouse_filter = 1
size_flags_horizontal = 3
size_flags_vertical = 3
custom_constants/margin_top = 300
__meta__ = {
"_edit_group_": true,
"_edit_use_anchors_": false
}

[node name="Grid" type="VBoxContainer" parent="MarginScroll"]
margin_top = 300.0
margin_right = 600.0
margin_bottom = 1220.0
size_flags_horizontal = 3
size_flags_vertical = 3
custom_constants/separation = 40
alignment = 1
__meta__ = {
"_edit_group_": true
}

[node name="HBoxContainer" type="HBoxContainer" parent="MarginScroll/Grid"]
margin_right = 600.0
margin_bottom = 280.0
custom_constants/separation = 40
alignment = 1

[node name="BtnLvl1" type="Button" parent="MarginScroll/Grid/HBoxContainer"]
margin_right = 280.0
margin_bottom = 280.0
rect_min_size = Vector2( 280, 280 )
focus_mode = 0
size_flags_horizontal = 4
size_flags_vertical = 4
shortcut_in_tooltip = false
enabled_focus_mode = 0
flat = true
__meta__ = {
"_edit_group_": true,
"_edit_use_anchors_": false
}

[node name="TextureRect" type="TextureRect" parent="MarginScroll/Grid/HBoxContainer/BtnLvl1"]
anchor_left = 0.5
anchor_top = 0.5
anchor_right = 0.5
anchor_bottom = 0.5
margin_left = -140.0
margin_top = -138.5
margin_right = 140.0
margin_bottom = 138.5
texture = ExtResource( 7 )
__meta__ = {
"_edit_use_anchors_": false
}

[node name="BtnLvl2" type="Button" parent="MarginScroll/Grid/HBoxContainer"]
margin_left = 320.0
margin_right = 600.0
margin_bottom = 280.0
rect_min_size = Vector2( 280, 280 )
focus_mode = 0
size_flags_horizontal = 4
size_flags_vertical = 4
shortcut_in_tooltip = false
enabled_focus_mode = 0
flat = true
__meta__ = {
"_edit_group_": true,
"_edit_use_anchors_": false
}

[node name="TextureRect" type="TextureRect" parent="MarginScroll/Grid/HBoxContainer/BtnLvl2"]
anchor_left = 0.5
anchor_top = 0.5
anchor_right = 0.5
anchor_bottom = 0.5
margin_left = -140.0
margin_top = -138.5
margin_right = 140.0
margin_bottom = 138.5
rect_pivot_offset = Vector2( 53.2238, 37.5972 )
texture = ExtResource( 3 )
__meta__ = {
"_edit_use_anchors_": false
}

[node name="HBoxContainer2" type="HBoxContainer" parent="MarginScroll/Grid"]
margin_top = 320.0
margin_right = 600.0
margin_bottom = 600.0
custom_constants/separation = 40
alignment = 1

[node name="BtnLvl3" type="Button" parent="MarginScroll/Grid/HBoxContainer2"]
margin_right = 280.0
margin_bottom = 280.0
rect_min_size = Vector2( 280, 280 )
focus_mode = 0
mouse_filter = 1
size_flags_horizontal = 4
size_flags_vertical = 4
shortcut_in_tooltip = false
enabled_focus_mode = 0
flat = true
__meta__ = {
"_edit_group_": true,
"_edit_use_anchors_": false
}

[node name="TextureRect" type="TextureRect" parent="MarginScroll/Grid/HBoxContainer2/BtnLvl3"]
anchor_left = 0.5
anchor_top = 0.5
anchor_right = 0.5
anchor_bottom = 0.5
margin_left = -140.0
margin_top = -138.5
margin_right = 140.0
margin_bottom = 138.5
rect_pivot_offset = Vector2( 53.2238, 37.5972 )
texture = ExtResource( 8 )
__meta__ = {
"_edit_use_anchors_": false
}

[node name="BtnLvl4" type="Button" parent="MarginScroll/Grid/HBoxContainer2"]
margin_left = 320.0
margin_right = 600.0
margin_bottom = 280.0
rect_min_size = Vector2( 280, 280 )
focus_mode = 0
mouse_filter = 1
size_flags_horizontal = 4
size_flags_vertical = 4
shortcut_in_tooltip = false
enabled_focus_mode = 0
flat = true
__meta__ = {
"_edit_group_": true,
"_edit_use_anchors_": false
}

[node name="TextureRect" type="TextureRect" parent="MarginScroll/Grid/HBoxContainer2/BtnLvl4"]
anchor_left = 0.5
anchor_top = 0.5
anchor_right = 0.5
anchor_bottom = 0.5
margin_left = -140.0
margin_top = -138.5
margin_right = 140.0
margin_bottom = 138.5
rect_pivot_offset = Vector2( 53.2238, 37.5972 )
texture = ExtResource( 6 )
__meta__ = {
"_edit_use_anchors_": false
}

[node name="HBoxContainer3" type="HBoxContainer" parent="MarginScroll/Grid"]
margin_top = 640.0
margin_right = 600.0
margin_bottom = 920.0
custom_constants/separation = 40
alignment = 1

[node name="BtnLvl5" type="Button" parent="MarginScroll/Grid/HBoxContainer3"]
margin_left = 85.0
margin_right = 515.0
margin_bottom = 280.0
rect_min_size = Vector2( 430, 280 )
focus_mode = 0
mouse_filter = 1
size_flags_horizontal = 4
size_flags_vertical = 4
shortcut_in_tooltip = false
enabled_focus_mode = 0
flat = true
__meta__ = {
"_edit_group_": true,
"_edit_use_anchors_": false
}

[node name="TextureRect" type="TextureRect" parent="MarginScroll/Grid/HBoxContainer3/BtnLvl5"]
anchor_left = 0.5
anchor_top = 0.5
anchor_right = 0.5
anchor_bottom = 0.5
margin_left = -215.5
margin_top = -138.5
margin_right = 215.5
margin_bottom = 138.5
rect_pivot_offset = Vector2( 53.2238, 37.5972 )
texture = ExtResource( 2 )
__meta__ = {
"_edit_use_anchors_": false
}

[node name="Tween" type="Tween" parent="."]

[connection signal="pressed" from="MarginScroll/Grid/HBoxContainer/BtnLvl1" to="." method="_on_BtnLvl1_pressed"]
[connection signal="pressed" from="MarginScroll/Grid/HBoxContainer/BtnLvl2" to="." method="_on_BtnLvl2_pressed"]
[connection signal="pressed" from="MarginScroll/Grid/HBoxContainer2/BtnLvl3" to="." method="_on_BtnLvl3_pressed"]
[connection signal="pressed" from="MarginScroll/Grid/HBoxContainer2/BtnLvl4" to="." method="_on_BtnLvl4_pressed"]
[connection signal="pressed" from="MarginScroll/Grid/HBoxContainer3/BtnLvl5" to="." method="_on_BtnLvl5_pressed"]
